@Manual{R-rstantools,
    title = {rstantools: Tools for Developing R Packages Interfacing with Stan},
    author = {Jonah Gabry and Ben Goodrich},
    year = {2018},
    note = {R package version 1.5.0},
    url = {https://CRAN.R-project.org/package=rstantools},
}
@Misc{R-rstan,
    title = {{rstan}: the {R} interface to {Stan}},
    author = {{Stan Development Team}},
    note = {R package version 2.17.3},
    year = {2018},
    url = {http://mc-stan.org/},
}
@Misc{R-rstanarm,
    title = {rstanarm: {Bayesian} applied regression modeling via {Stan}.},
    author = {{Stan Development Team}},
    note = {R package version 2.17.4},
    year = {2018},
    url = {http://mc-stan.org/},
}
@Article{brms2017jss,
    title = {{brms}: An {R} Package for Bayesian Multilevel Models Using {Stan}},
    author = {Paul-Christian B{\"u}rkner},
    journal = {Journal of Statistical Software},
    year = {2017},
    volume = {80},
    number = {1},
    pages = {1--28},
    doi = {10.18637/jss.v080.i01},
}
@Misc{R-shinystan,
    title = {shinystan: Interactive Visual and Numerical Diagnostics and Posterior Analysis for Bayesian Models.},
    author = {{Stan Development Team}},
    year = {2017},
    note = {R package version 2.4.0},
    url = {http://mc-stan.org/},
}
@Article{R-spaMM,
    title = {Testing environmental and genetic effects in the presence of spatial autocorrelation},
    author = {Fran{\c c}ois Rousset and Jean-Baptiste Ferdy},
    journal = {Ecography},
    year = {2014},
    volume = {37},
    number = {8},
    pages = {781-790},
    doi = {10.1111/ecog.00566},
}
@Book{MASS2002,
    title = {Modern Applied Statistics with S},
    author = {W. N. Venables and B. D. Ripley},
    publisher = {Springer},
    edition = {Fourth},
    address = {New York},
    year = {2002},
    note = {ISBN 0-387-95457-0},
    url = {http://www.stats.ox.ac.uk/pub/MASS4},
  }
