@article{JRSSB2003Kong,
  author = {Kong A. and McCullagh P. and Meng X. L. and Nicolae D. and Tan Z.},
  title = {A theory of statistical models for Monte Carlo integration},
  journal = {Journal of the Royal Statistical Society: Series B (Statistical Methodology)},
  volume = {65},
  number = {3},
  pages = {585-604},
  doi = {10.1111/1467-9868.00404},
}

@Manual{R-ff,
    title = {ff: Memory-Efficient Storage of Large Data on Disk and Fast Access Functions},
    author = {Daniel Adler and Christian Gl{\"a}ser and Oleg Nenadic and Jens Oehlschl{\"a}gel and Walter Zucchini},
    year = {2018},
    note = {R package version 2.2-14},
    url = {https://CRAN.R-project.org/package=ff},
}
