
@Manual{R-tinytex,
    title = {tinytex: Helper Functions to Install and Maintain 'TeX Live', and Compile
'LaTeX' Documents},
    author = {Yihui Xie},
    year = {2018},
    note = {R package version 0.4},
    url = {https://CRAN.R-project.org/package=tinytex},
  }

@Manual{R-rmarkdown,
    title = {rmarkdown: Dynamic Documents for R},
    author = {JJ Allaire and Yihui Xie and Jonathan McPherson and Javier Luraschi and Kevin Ushey and Aron Atkins and Hadley Wickham and Joe Cheng and Winston Chang},
    year = {2018},
    note = {R package version 1.9},
    url = {https://CRAN.R-project.org/package=rmarkdown},
  }
@article {ENV:ENV2375,
	author = {Bonat, Wagner Hugo and Ribeiro, Paulo Justiniano},
	title = {Practical likelihood analysis for spatial generalized linear mixed models},
	journal = {Environmetrics},
	volume = {27},
	number = {2},
	url = {http://dx.doi.org/10.1002/env.2375},
	doi = {10.1002/env.2375},
	pages = {83--89},
	year = {2016},
}

@article{MARTINS2016Likelihood,
	title = "Likelihood analysis for a class of spatial geostatistical compositional models",
	journal = "Spatial Statistics",
	volume = "17",
	number = "Supplement C",
	pages = "121 - 130",
	year = "2016",
	author = "Ana Beatriz Tozzo Martins and Wagner Hugo Bonat and Paulo Justiniano Ribeiro",
}

@misc{ArrayFire2015,
  address = {Atlanta},
  author = {Yalamanchili, Pavan and Arshad, Umar and Mohammed, Zakiuddin and Garigipati, Pradeep and Entschev, Peter and Kloppenborg, Brian and Malcolm, James and Melonakos, John},
  publisher = {AccelerEyes},
  title = {{ArrayFire - A high performance software library for parallel computing with an easy-to-use API}},
  url = {https://github.com/arrayfire/arrayfire},
  year = {2015}
}

@misc{scikitcuda2015,
    author       = {Lev E. Givon and Thomas Unterthiner and 
					N. Benjamin Erichson and David Wei Chiang and 
					Eric Larson and Luke Pfister and
                    Sander Dieleman and Gregory R. Lee and
                    Stefan van der Walt and Bryant Menn and
                    Teodor Mihai Moldovan and Fr\'{e}d\'{e}ric Bastien and
                    Xing Shi and Jan Schl\"{u}ter and
                    Brian Thomas and Chris Capdevila and
                    Alex Rubinsteyn and Michael M. Forbes and
                    Jacob Frelinger and Tim Klein and
                    Bruce Merry and Nate Merill and
                    Lars Pastewka and S. Clarkson and
                    Michael Rader and Steve Taylor and
                    Arnaud Bergeron and Nikul H. Ukani and
                    Feng Wang and Yiyin Zhou},
    title        = {scikit-cuda 0.5.1: a {Python} interface to {GPU}-powered libraries},
    month        = December,
    year         = 2015,
    doi          = {10.5281/zenodo.40565},
    url          = {http://dx.doi.org/10.5281/zenodo.40565}
}


@Article{BRugs,
    title = {Making BUGS Open},
    author = {Andrew Thomas and Bob O'Hara and Uwe Ligges and Sibylle Sturtz},
    journal = {R News},
    year = {2006},
    pages = {12--17},
    number = {1},
    volume = {6},
    url = {https://cran.r-project.org/doc/Rnews/},
  }
  
@Article{lgcp2013JSS,
    title = {{lgcp}: An {R} Package for Inference with Spatial and Spatio-Temporal Log-{G}aussian {C}ox Processes},
    author = {Benjamin M. Taylor and Tilman M. Davies and Barry S. Rowlingson and Peter J. Diggle},
    journal = {Journal of Statistical Software},
    year = {2013},
    volume = {52},
    number = {4},
    pages = {1--40},
    url = {http://www.jstatsoft.org/v52/i04/},
  }

@Article{lgcp2015JSS,
    title = {{B}ayesian Inference and Data Augmentation Schemes for Spatial, Spatiotemporal and Multivariate Log-{G}aussian {C}ox Processes in {R}},
    author = {Benjamin M. Taylor and Tilman M. Davies and Barry S. Rowlingson and Peter J. Diggle},
    journal = {Journal of Statistical Software},
    year = {2015},
    volume = {63},
    number = {7},
    pages = {1--48},
    url = {http://www.jstatsoft.org/v63/i07/},
  }


@article{Stan2017JSS,
   author = {Bob Carpenter and Andrew Gelman and Matthew Hoffman and Daniel Lee and Ben Goodrich and Michael Betancourt and Marcus Brubaker and Jiqiang Guo and Peter Li and Allen Riddell},
   title = {Stan: A Probabilistic Programming Language},
   journal = {Journal of Statistical Software},
   volume = {76},
   number = {1},
   year = {2017},
   keywords = {probabilistic programming; Bayesian inference; algorithmic differentiation; Stan},
   issn = {1548-7660},
   pages = {1--32},
   doi = {10.18637/jss.v076.i01},
   url = {https://www.jstatsoft.org/v076/i01}
}
@Misc{RStan,
    title = {{RStan}: the {R} interface to {Stan}},
    author = {{Stan Development Team}},
    note = {R package version 2.17.3},
    year = {2018},
    url = {http://mc-stan.org/},
  }
@article{BUGS,
	author = {Lunn, David and Spiegelhalter, David and Thomas, Andrew and Best, Nicky},
	title = {The BUGS project: Evolution, critique and future directions},
	journal = {Statistics in Medicine},
	volume = {28},
	number = {25},
	publisher = {John Wiley \& Sons, Ltd.},
	pages = {3049--3067},
	keywords = {BUGS, WinBUGS, OpenBUGS, Bayesian modelling, graphical models},
	year = {2009},
}

@Article{ggmap2013David,
    author = {David Kahle and Hadley Wickham},
    title = {ggmap: Spatial Visualization with ggplot2},
    journal = {The R Journal},
    year = {2013},
    volume = {5},
    number = {1},
    pages = {144--161},
  }

@Article{spatial2005Edzer,
    author = {Edzer J. Pebesma and Roger S. Bivand},
    title = {Classes and methods for spatial data in {R}},
    journal = {R News},
    year = {2005},
    volume = {5},
    number = {2},
    pages = {9--13},
    month = {November},
    url = {https://CRAN.R-project.org/doc/Rnews/},
  }
  
  
@Book{Applied2013Roger,
    author = {Roger S. Bivand and Edzer Pebesma and Virgilio Gomez-Rubio},
    title = {Applied spatial data analysis with {R}, Second edition},
    year = {2013},
    publisher = {Springer, NY},
    url = {http://www.asdar-book.org/},
  }


@article {RSSA:RSSA12069,
author = {Giorgi, Emanuele and Sesay, Sanie S. S. and Terlouw, Dianne J. and Diggle, Peter J.},
title = {Combining data from multiple spatially referenced prevalence surveys using generalized linear geostatistical models},
journal = {Journal of the Royal Statistical Society: Series A (Statistics in Society)},
volume = {178},
number = {2},
issn = {1467-985X},
url = {http://dx.doi.org/10.1111/rssa.12069},
doi = {10.1111/rssa.12069},
pages = {445--464},
keywords = {Convenience sampling, Generalized linear geostatistical models, Malaria mapping, Monte Carlo maximum likelihood, Multiple surveys, Spatiotemporal models},
year = {2015},
}

@article {ENV:ENV2447,
author = {Giorgi, Emanuele and Schl??ter, Daniela K. and Diggle, Peter J.},
title = {Bivariate geostatistical modelling of the relationship between Loa loa prevalence and intensity of infection},
journal = {Environmetrics},
issn = {1099-095X},
url = {http://dx.doi.org/10.1002/env.2447},
doi = {10.1002/env.2447},
pages = {e2447--n/a},
keywords = {disease mapping, geostatistics, Loa loa, neglected tropical diseases, spatial correlation, zero inflation},
note = {e2447 env.2447},
}

@article {ENV:ENV2205,
author = {Stanton, Michelle C. and Diggle, Peter J.},
title = {Geostatistical analysis of binomial data: generalised linear or transformed Gaussian?modelling?},
journal = {Environmetrics},
volume = {24},
number = {3},
issn = {1099-095X},
url = {http://dx.doi.org/10.1002/env.2205},
doi = {10.1002/env.2205},
pages = {158--171},
keywords = {model-based geostatistics, prevalence surveys, spatial variation, trans-Gaussian kriging},
year = {2013},
}

@article{Boussinesq2001,
  title={Relationships between the prevalence and intensity of Loa loa infection in the Central province of Cameroon.},
  author={Boussinesq, M and Gardon, J and Kamgno, J and Pion, S. D. and Gardonwendel, N and Chippaux, J. P.},
  journal={Annals of Tropical Medicine and Parasitology},
  volume={95},
  number={5},
  pages={495-507},
  year={2001},
}

@article{Zhang2002On,
  title={On Estimation and Prediction for Spatial Generalized Linear Mixed Models},
  author={Zhang, Hao},
  journal={Biometrics},
  volume={58},
  number={1},
  pages={129-36},
  year={2002},
}


@article{Bonat2016Practical,
  title={Practical likelihood analysis for spatial generalized linear mixed models},
  author={Bonat, Wagner Hugo and Ribeiro, Paulo Justiniano},
  journal={Environmetrics},
  volume={27},
  number={2},
  pages={n/a-n/a},
  year={2016},
}

@article{Chu2011Penalized,
  title={Penalized maximum likelihood estimation and variable selection in geostatistics},
  author={Chu, Tingjin and Wang, Haonan},
  journal={Annals of Statistics},
  volume={39},
  number={5},
  pages={2607-2625},
  year={2011},
}

@article{Chu2014On,
  title={On semiparametric inference of geostatistical models via local KarhunenÃ¿Lo??ve expansion},
  author={Chu, Tingjin and Wang, Haonan and Zhu, Jun},
  journal={Journal of the Royal Statistical Society},
  volume={76},
  number={4},
  pages={817--832},
  year={2014},
}

@article{Schl2016Using,
  title={Using Community-Level Prevalence of Loa loa Infection to Predict the Proportion of Highly-Infected Individuals: Statistical Modelling to Support Lymphatic Filariasis and Onchocerciasis Elimination Programs.},
  author={Schl{\"u}ter, Daniela K and Ndeffombah, Martial L and Takougang, Innocent and et al.},
  journal={Plos Neglected Tropical Diseases},
  volume={10},
  number={12},
  year={2016}
}

@article{Eidsvik2009Approximate,
  title={Approximate Bayesian Inference in Spatial Generalized Linear Mixed Models},
  author={Eidsvik, J. O. and Martino, Sara and Rue, H{\aa}vard},
  journal={Scandinavian Journal of Statistics},
  volume={36},
  number={1},
  pages={1?C22},
  year={2009},
}

@Book{bookdown,
    title = {bookdown: Authoring Books and Technical Documents with {R} Markdown},
    author = {Yihui Xie},
    publisher = {Chapman and Hall/CRC},
    address = {Boca Raton, Florida},
    year = {2016},
    note = {ISBN 978-1138700109},
    url = {https://github.com/rstudio/bookdown},
  }
  
@article{Rue2017arXiv,
    author = {{G{\'o}mez-Rubio}, Virgilio and Rue, H{\aa}vard},
    title = {Markov Chain Monte Carlo with the Integrated Nested Laplace Approximation},
    journal = {ArXiv e-prints},
    eprint = {1701.07844},
    keywords = {Statistics - Computation},
    year = {2017}
}

@article{Stan2017,
  title={Stan: A Probabilistic Programming Language.},
  author={Bob, Carpenter and Andrew, Gelman and Matthew, Hoffman  and et al.},
  journal={Journal of Statistical Software},
  volume={76},
  number={1},
  pages={1--32},
  year={2017},
}


@article{Stan2015,
  title={Stan: A Probabilistic Programming Language for Bayesian Inference and Optimization.},
  author={Gelman, Andrew and Lee, Daniel and Guo, Jiqiang  and et al.},
  journal={Journal of Educational and Behavioral Statistics},
  volume={40},
  number={5},
  pages={837--840},
  year={2015},
}

@article{Varin2005,
	title={Pairwise likelihood inference in spatial generalized linear mixed models},
	author={Varin, Cristiano and H{\o}st, Gudmund and Skare,  {\O}ivind},
	journal={Computational Statistics and Data Analysis},
	volume = {49},
	number = {4},
	pages = {1173--1191},
	year={2005}
} 

@article {Banerjee2008,
	author = {Banerjee, Sudipto and Gelfand, Alan E. and Finley, Andrew O. and Sang, Huiyan},
	title = {Gaussian predictive process models for large spatial data sets},
	journal = {Journal of the Royal Statistical Society: Series B (Statistical Methodology)},
	volume = {70},
	number = {4},
	publisher = {Blackwell Publishing Ltd},
	issn = {1467-9868},
	url = {http://dx.doi.org/10.1111/j.1467-9868.2008.00663.x},
	doi = {10.1111/j.1467-9868.2008.00663.x},
	pages = {825--848},
	keywords = {Co-regionalization, Gaussian processes, Hierarchical modelling, Kriging, 	
				Markov chain Monte Carlo methods, Multivariate spatial processes, 
				Space time processes},
	year = {2008},
}


@book{Fieller2015,
   title =     {Basics of Matrix Algebra for Statistics with R},
   author =    {Nick Fieller},
   publisher = {Chapman and Hall/CRC},
   isbn =      {1498712363,9781498712361},
   year =      {2015},
   series =    {Chapman \& Hall/CRC The R Series},
   edition =   {}
   }

@book{McCullagh1989,
   title =     {Generalized Linear Models},
   author =    {P. McCullagh, J. A. Nelder FRS},
   publisher = {Springer US},
   isbn =      {978-0-412-31760-6,978-1-4899-3242-6},
   year =      {1989},
   series =    {Monographs on Statistics and Applied Probability},
   edition =   {}
   }

@Book{Diggle2007,
	title = {Model-based Geostatistics},
	author = {Peter J. Diggle and Paulo J. {Ribeiro Jr} },
	year = {2007},
	publisher = {Springer-Verlag New York},
	isbn = {978-1-4419-2193-2},
}
@book{Waller2004,
   title =     {Applied Spatial Analysis of Public Health Data (Wiley Series in Probability and Statistics)},
   author =    {Lance A. Waller, Carol A. Gotway},
   publisher = {Wiley-Interscience},
   isbn =      {9780471387718,0-471-38771-1},
   year =      {2004},
   series =    {},
   edition =   {1}
   }
@book{Blangiardo2015,
   title =     {Spatial and Spatio-temporal Bayesian Models with R-INLA},
   author =    {Marta Blangiardo, Michela Cameletti},
   publisher = {Wiley},
   isbn =      {1118326555, 9781118326558},
   year =      {2015}
}
@book{Banerjee2015,
   title =     {Hierarchical Modeling and Analysis for Spatial Data, Second Edition},
   author =    {Banerjee, Sudipto and Carlin, Bradley P. and Gelfand, Alan E},
   publisher = {CRC Press},
   isbn =      {978-1-4398-1918-0,1439819181},
   year =      {2015},
   series =    {Chapman \& Hall/CRC Monographs on Statistics \& Applied Probability},
   edition =   {2ed.}
   }
@book{Dobson1983,
   title =     {Introduction to Statistical Modelling},
   author =    {Annette J. Dobson},
   publisher = {Springer US},
   isbn =      {978-0-412-24860-3,978-1-4899-3174-0},
   year =      {1983},
   edition =   {1}
   }
@Book{Venables2002,
    title = {Modern Applied Statistics with S},
    author = {W. N. Venables and B. D. Ripley},
    publisher = {Springer},
    edition = {Fourth},
    address = {New York},
    year = {2002},
    note = {ISBN 0-387-95457-0},
    url = {http://www.stats.ox.ac.uk/pub/MASS4},
  }
 
@book{Pinheiro2000,
   title =     {Mixed-effects models in S and S-PLUS},
   author =    {Jose C. Pinheiro, Douglas M. Bates},
   publisher = {Springer},
   isbn =      {9780387989570,0-3879-8957-9},
   year =      {2000},
   series =    {Statistics and computing},
   edition =   {1}
   }   


@article {Diggle2002,
	author = {Diggle, Peter and Moyeed, Rana and Rowlingson, Barry and Thomson, Madeleine},
	title = {Childhood malaria in the Gambia: a case-study in model-based geostatistics},
	journal = {Journal of the Royal Statistical Society: Series C (Applied Statistics)},
	volume = {51},
	number = {4},
	publisher = {Blackwell Publishers},
	issn = {1467-9876},
	url = {http://dx.doi.org/10.1111/1467-9876.00283},
	doi = {10.1111/1467-9876.00283},
	pages = {493--506},
	year = {2002}
}

@article{Christensen2004,
	title={Monte Carlo Maximum Likelihood in Model-Based Geostatistics},
	author={Ole F Christensen},
	journal={Journal of Computational and Graphical Statistics},
	volume = {13},
	number = {3},
	pages = {702--718},
	year={2004}
} 
@article{Diggle2007a,
	author = {Diggle, P. J. and Thomson, M. C. and Christensen, O. F.  and et al.},
	title = {Spatial modelling and the prediction of Loa loa risk: decision making under uncertainty},
	journal = {Annals of Tropical Medicine and Parasitology},
	volume = {101},
	number = {6},
	pages = {499--509},
	year = {2007}
	}   
  
@article {Rue2009,
	author = {Rue, H{\aa}vard and Martino, Sara and Chopin, Nicolas and et al.},
	title = {Approximate Bayesian inference for latent Gaussian models by using integrated nested Laplace approximations},
	journal = {Journal of the Royal Statistical Society: Series B (Statistical Methodology)},
	volume = {71},
	number = {2},
	issn = {1467-9868},
	pages = {319--392},
	year = {2009}
}

@Article{Hosseini2016,
	author={Hosseini, Fatemeh},
	title={A new algorithm for estimating the parameters of the spatial generalized linear mixed models},
	journal={Environmental and Ecological Statistics},
	year={2016},
	volume={23},
	number={2},
	pages={205--217},
	doi={10.1007/s10651-015-0335-6}
}
@article{Crainiceanu2008,
	author = {Ciprian M Crainiceanu and Peter J Diggle and Barry Rowlingson},
	title = {Bivariate Binomial Spatial Modeling of Loa loa Prevalence in Tropical Africa},
	journal = {Journal of the American Statistical Association},
	volume = {103},
	number = {481},
	pages = {21-37},
	year = {2008},
	doi = {10.1198/016214507000001409}
}

@article{Diggle2016,
	author = {Peter J. Diggle and Emanuele Giorgi},
	title = {Model-Based Geostatistics for Prevalence Mapping in Low-Resource Settings},
	journal = {Journal of the American Statistical Association},
	volume = {111},
	number = {515},
	pages = {1096-1120},
	year = {2016},
	doi = {10.1080/01621459.2015.1123158}
}



@article {Diggle1998,
	author = {Diggle, P. J. and Tawn, J. A. and Moyeed, R. A.},
	title = {Model-based geostatistics},
	journal = {Journal of the Royal Statistical Society: Series C (Applied Statistics)},
	volume = {47},
	number = {3},
	publisher = {Blackwell Publishers Ltd.},
	pages = {299--350},
	year = {1998},
}


@article{Salvatier2016,
  title={Probabilistic programming in Python using PyMC3},
  author={John Salvatier and Thomas V. Wiecki and Christopher Fonnesbeck},
  journal={PeerJ Computer Science},
  volume = {2},
  number = {55},
  url = {https://doi.org/10.7717/peerj-cs.55},
  doi = {10.7717/peerj-cs.55},
  year={2016},
}




@Article{PrevMap2017JSS,
    title = {{PrevMap}: An {R} Package for Prevalence Mapping},
    author = {Emanuele Giorgi and Peter J. Diggle},
    journal = {Journal of Statistical Software},
    year = {2017},
    volume = {78},
    number = {8},
    pages = {1--29},
    doi = {10.18637/jss.v078.i08},
  }


@Book{xie2015,
  title = {Dynamic Documents with {R} and knitr},
  author = {Yihui Xie},
  publisher = {Chapman and Hall/CRC},
  address = {Boca Raton, Florida},
  year = {2015},
  edition = {2nd},
  note = {ISBN 978-1498716963},
  url = {http://yihui.name/knitr/},
}

@Book{bookdown2016CRC,
    title = {bookdown: Authoring Books and Technical Documents with {R} Markdown},
    author = {Yihui Xie},
    publisher = {Chapman and Hall/CRC},
    address = {Boca Raton, Florida},
    year = {2016},
    note = {ISBN 978-1138700109},
    url = {https://github.com/rstudio/bookdown},
  }
@Book{blogdown2017CRC,
    title = {blogdown: Creating Websites with {R} Markdown},
    author = {Yihui Xie and Alison Presmanes Hill and Amber Thomas},
    publisher = {Chapman and Hall/CRC},
    address = {Boca Raton, Florida},
    year = {2017},
    note = {ISBN 978-0815363729},
    url = {https://github.com/rstudio/blogdown},
  }
@Book{ggplot2016Springer,
    author = {Hadley Wickham},
    title = {ggplot2: Elegant Graphics for Data Analysis},
    publisher = {Springer-Verlag New York},
    year = {2016},
    isbn = {978-3-319-24277-4},
    url = {http://ggplot2.org},
  }
@Book{mgcv2017CRC,
    title = {Generalized Additive Models: An Introduction with R},
    year = {2017},
    author = {S.N Wood},
    edition = {2},
    publisher = {Chapman and Hall/CRC},
  }


@article {Banerjee2008,
	author = {Banerjee, Sudipto and Gelfand, Alan E. and Finley, Andrew O. and Sang, Huiyan},
	title = {Gaussian predictive process models for large spatial data sets},
	journal = {Journal of the Royal Statistical Society: Series B (Statistical Methodology)},
	volume = {70},
	number = {4},
	publisher = {Blackwell Publishing Ltd},
	pages = {825--848},
	year = {2008},
}


@book{McCullagh1989,
   title =     {Generalized Linear Models},
   author =    {P. McCullagh, J. A. Nelder FRS},
   publisher = {Springer US},
   isbn =      {978-0-412-31760-6,978-1-4899-3242-6},
   year =      {1989},
   series =    {Monographs on Statistics and Applied Probability},
   edition =   {}
   }

@Book{Diggle2007,
	title = {Model-based Geostatistics},
	author = {Peter J. Diggle and Paulo J. {Ribeiro Jr} },
	year = {2007},
	publisher = {Springer-Verlag New York},
	isbn = {978-1-4419-2193-2},
}

@book{Blangiardo2015,
   title =     {Spatial and Spatio-temporal Bayesian Models with R-INLA},
   author =    {Marta Blangiardo, Michela Cameletti},
   publisher = {Wiley},
   isbn =      {1118326555, 9781118326558},
   year =      {2015}
}
@book{Banerjee2015,
   title =     {Hierarchical Modeling and Analysis for Spatial Data, Second Edition},
   author =    {Banerjee, Sudipto; Carlin, Bradley P.; Gelfand, Alan E},
   publisher = {CRC Press},
   isbn =      {978-1-4398-1918-0,1439819181},
   year =      {2015},
   series =    {Chapman \& Hall/CRC Monographs on Statistics \& Applied Probability},
   edition =   {2ed.}
   }
@book{Dobson1983,
   title =     {Introduction to Statistical Modelling},
   author =    {Annette J. Dobson},
   publisher = {Springer US},
   isbn =      {978-0-412-24860-3,978-1-4899-3174-0},
   year =      {1983},
   edition =   {1}
   }
@Book{Venables2002,
    title = {Modern Applied Statistics with S},
    author = {W. N. Venables and B. D. Ripley},
    publisher = {Springer},
    edition = {Fourth},
    address = {New York},
    year = {2002},
    note = {ISBN 0-387-95457-0},
    url = {http://www.stats.ox.ac.uk/pub/MASS4},
  }
 
@book{Pinheiro2000,
   title =     {Mixed-effects models in S and S-PLUS},
   author =    {Jose C. Pinheiro, Douglas M. Bates},
   publisher = {Springer},
   isbn =      {9780387989570,0-3879-8957-9},
   year =      {2000},
   series =    {Statistics and computing},
   edition =   {1}
   }   


@article {Diggle2002,
	author = {Diggle, Peter and Moyeed, Rana and Rowlingson, Barry and Thomson, Madeleine},
	title = {Childhood malaria in the Gambia: a case-study in model-based geostatistics},
	journal = {Journal of the Royal Statistical Society: Series C (Applied Statistics)},
	volume = {51},
	number = {4},
	publisher = {Blackwell Publishers},
	issn = {1467-9876},
	url = {http://dx.doi.org/10.1111/1467-9876.00283},
	doi = {10.1111/1467-9876.00283},
	pages = {493--506},
	year = {2002}
}

@article{Christensen2004,
	title={Monte Carlo Maximum Likelihood in Model-Based Geostatistics},
	author={Ole F Christensen},
	journal={Journal of Computational and Graphical Statistics},
	volume = {13},
	number = {3},
	pages = {702--718},
	year={2004}
} 
@article{Diggle2007a,
	author = {P. J. Diggle, M. C. Thomson and O. F. Christensen},
	title = {Spatial modelling and the prediction of Loa loa risk: decision making under uncertainty},
	journal = {Annals of Tropical Medicine and Parasitology},
	volume = {101},
	number = {6},
	pages = {499--509},
	year = {2007}
	}   
  
@article {Rue2009,
	author = {Rue, Havard and Martino, Sara and Chopin, Nicolas},
	title = {Approximate Bayesian inference for latent Gaussian models by using integrated nested Laplace approximations},
	journal = {Journal of the Royal Statistical Society: Series B (Statistical Methodology)},
	volume = {71},
	number = {2},
	issn = {1467-9868},
	pages = {319--392},
	year = {2009}
}

@Article{Hosseini2016,
	author="Hosseini, Fatemeh",
	title="A new algorithm for estimating the parameters of the spatial generalized linear mixed models",
	journal="Environmental and Ecological Statistics",
	year="2016",
	volume="23",
	number="2",
	pages="205--217",
	doi="10.1007/s10651-015-0335-6"
}
@article{Crainiceanu2008,
	author = {Ciprian M Crainiceanu and Peter J Diggle and Barry Rowlingson},
	title = {Bivariate Binomial Spatial Modeling of Loa loa Prevalence in Tropical Africa},
	journal = {Journal of the American Statistical Association},
	volume = {103},
	number = {481},
	pages = {21-37},
	year = {2008},
	doi = {10.1198/016214507000001409}
}

@article{Diggle2016,
	author = {Peter J. Diggle and Emanuele Giorgi},
	title = {Model-Based Geostatistics for Prevalence Mapping in Low-Resource Settings},
	journal = {Journal of the American Statistical Association},
	volume = {111},
	number = {515},
	pages = {1096-1120},
	year = {2016},
	doi = {10.1080/01621459.2015.1123158}
}



@article {Diggle1998,
	author = {Diggle, P. J. and Tawn, J. A. and Moyeed, R. A.},
	title = {Model-based geostatistics},
	journal = {Journal of the Royal Statistical Society: Series C (Applied Statistics)},
	volume = {47},
	number = {3},
	publisher = {Blackwell Publishers Ltd.},
	issn = {1467-9876},
	url = {http://dx.doi.org/10.1111/1467-9876.00113},
	doi = {10.1111/1467-9876.00113},
	pages = {299--350},
	keywords = {Generalized linear mixed model, Geostatistics, Kriging, 
				Markov chain Monte Carlo method, Spatial prediction},
	year = {1998},
}
